@article{Moller1934,
	title = "Note on an Approximation Treatment for Many-Electron Systems",
	author = "M\o{}ller, Chr. and Plesset, M. S.",
	journal = "Physical Review",
	shortjournal = "Phys. Rev.",
	volume = "46",
	issue = "7",
	pages = "618 -- 622",
	numpages = "0",
	year = "1934",
	month = "Oct",
	publisher = "American Physical Society",
	doi = "10.1103/PhysRev.46.618",
	url = "http://link.aps.org/doi/10.1103/PhysRev.46.618"
}

@article{Axilrod1943,
	author = "Axilrod, B. M. and Teller, E.",
	title = "Interaction of the van der Waals Type Between Three Atoms",
	journal = "The Journal of Chemical Physics",
	shortjournal = "J. Chem. Phys.",
	year = "1943",
	volume = "11",
	number = "6",
	eid = "",
	pages = "299 -- 300",
	url = "http://scitation.aip.org/content/aip/journal/jcp/11/6/10.1063/1.1723844",
	doi = "http://dx.doi.org/10.1063/1.1723844"
}

@article{Roothaan1951,
	title = "New Developments in Molecular Orbital Theory",
	author = "Roothaan, C. C. J.",
	journal = "Reviews of Modern Physics",
	shortjournal = "Rev. Mod. Phys.",
	volume = "23",
	issue = "2",
	pages = "69 -- 89",
	numpages = "0",
	year = "1951",
	month = "Apr",
	publisher = "American Physical Society",
	doi = "10.1103/RevModPhys.23.69",
	url = "http://link.aps.org/doi/10.1103/RevModPhys.23.69"
}

@article{Percus1958,
	author = "Percus, Jerome K. and Yevick, George J.",
	title = "Analysis of Classical Statistical Mechanics by Means of Collective Coordinates",
	journal = "Physical Review",
	shortjournal = "Phys. Rev.",
	volume = "110",
	issue = "1",
	pages = "1 -- 13",
	numpages = "0",
	year = "1958",
	month = "Apr",
	publisher = "American Physical Society",
	doi = "10.1103/PhysRev.110.1",
	url = "http://link.aps.org/doi/10.1103/PhysRev.110.1"
}

@article{Goodwin1963,
	author = "R. D. Goodwin and D. E. Hiller and H. M. Roder and L. A. Weber",
	title = "Second and Third Virial Coefficients for Hydrogen",
	journal = "Journal of Research of the National Bureau of Standards - A. Physics and Chemistry",
	shortjournal = "J. Res. Natl. Bur. Stds. - A. Phys. and Chem.",
	year = "1963",
	volume = "68A",
	issue = "1",
	pages = "121 -- 126",
	doi = "http://dx.doi.org/10.6028/jres.068A.011"
}

@article{Cizek1966,
	author = "Čížek, Jiří",
    title = "On the Correlation Problem in Atomic and Molecular Systems. Calculation of Wavefunction Components in Ursell-Type Expansion Using Quantum-Field Theoretical Methods",
	journal = "The Journal of Chemical Physics",
	shortjournal = "J. Chem. Phys.",
	year = "1966",
	volume = "45",
	number = "11", 
	eid = "",
	pages = "4256 -- 4266",
	url = "http://scitation.aip.org/content/aip/journal/jcp/45/11/10.1063/1.1727484",
	doi = "http://dx.doi.org/10.1063/1.1727484" 
}

@article{Fosdick:1966vh,
	author = "Lloyd D. Fosdick and Harry F. Jordan",
	title = "Path-Integral Calculation of the Two-Particle Slater Sum for He 4",
    journal = "Physical Review",
	shortjournal = "Phys. Rev.",
	year = "1966",
	volume = "143",
	number = "1",
	pages = "58 -- 66"
}

@article{Jordan1968,
	author = "Jordan, Harry F. and Fosdick, Lloyd D.",
	title = "Three-Particle Effects in the Pair Distribution Function for ${\mathrm{He}}^{4}$ Gas",
	journal = "Physical Review",
	shortjournal = "Phys. Rev.",
	volume = "171",
	issue = "1",
	pages = "128 -- 149",
	numpages = "0",
	year = "1968",
	month = "Jul",
	publisher = "American Physical Society",
	doi = "10.1103/PhysRev.171.128",
	url = "http://link.aps.org/doi/10.1103/PhysRev.171.128"
}

@article{Stogryn1969,
	author = "Stogryn, Daniel E.",
	title = "Third Virial Coefficients for Mixtures of Nonspherical Molecules",
	journal = "The Journal of Chemical Physics",
	shortjournal = "J. Chem. Phys.",
	year = "1969",
	volume = "50",
	number = "11",
	eid = "",
	pages = "4967 -- 4986",
	url = "http://scitation.aip.org/content/aip/journal/jcp/50/11/10.1063/1.1670994",
	doi = "http://dx.doi.org/10.1063/1.1670994"
}

@article{Hehre1969,
    author = "Hehre, W. J. and Stewart, R. F. and Pople, J. A.",
    title = "Self-Consistent Molecular-Orbital Methods. I. Use of Gauusian Expansions of Slater-Type Atomic Orbitals",
	journal = "The Journal of Chemical Physics",
	shortjournal = "J. Chem. Phys.",
	year = "1969",
	volume = "51",
	number = "6", 
	eid = "",
	pages = "2657-2664",
	url = "http://scitation.aip.org/content/aip/journal/jcp/51/6/10.1063/1.1672392",
	doi = "http://dx.doi.org/10.1063/1.1672392" 
}

@article{Lepage1972,
	author = "G Peter Lepage",
	title = "A new algorithm for adaptive multidimensional integration",
	journal = "Journal of Computational Physics",
	shortjournal = "J. Comp. Phys.",
	year = "1972",
	volume = "27",
	number = "2",
	pages = "192 -- 203",
	note = "",
	issn = "0021-9991",
	doi = "http://dx.doi.org/10.1016/0021-9991(78)90004-9",
	url = "http://www.sciencedirect.com/science/article/pii/0021999178900049"
}

@article{Buenker1974,
	author = "Buenker, Robert J. and Peyerimhoff, Sigrid D.",
	title = "Individualized configuration selection in CI calculations with subsequent energy extrapolation",
	journal = "Theoretica Chimica Acta.",
	shortjournal = "Theor. Chim. Acta.",
	year = "1974",
	volume = "35",
	number = "1",
	pages = "33 -- 58",
	issn = "1432-2234",
	doi = "10.1007/BF02394557",
	url = "http://dx.doi.org/10.1007/BF02394557"
}

@article{Buenker1975,
	author = "Buenker, Robert J. and Peyerimhoff, Sigrid D.",
	title = "Energy extrapolation in CI calculations",
	journal = "Theoretica chimica acta",
	shortjournal = "Theor. Chim. Acta.",
	volume = "39",
	number = "3",
	pages = "217 -- 228",
	year = "1975",
	issn = "1432-2234",
	doi = "10.1007/BF00555301",
	url = "http://dx.doi.org/10.1007/BF00555301"
}

@article{Evans1977,
	author = "Denis J. Evans",
	title = "On the representation of orientation space",
	journal = "Molecular Physics",
	shortjournal = "Mol. Phys.",
	year = "1977",
	volume = "34",
	number = "2",
	pages = "317 -- 325",
	doi = "10.1080/00268977700101751",
	url = "http://dx.doi.org/10.1080/00268977700101751",
	eprint = "http://dx.doi.org/10.1080/00268977700101751"
}

@article{Evans1977b,
	author = "Denis J. Evans and Sohail Murad",
	title = "Singularity free algorithm for molecular dynamics simulation of rigid polyatomics",
	journal = "Molecular Physics",
	shortjournal = "Mol. Phys.",
	year = "1977",
	volume = "34",
	number = "2",
	pages = "327 -- 331",
	doi = "10.1080/00268977700101761",
	url = "http://dx.doi.org/10.1080/00268977700101761",
	eprint = "http://dx.doi.org/10.1080/00268977700101761"
}

@article{Barker1979,
	author = "Barker, J. A.",
	title = "A quantum‐statistical Monte Carlo method; path integrals with boundary conditions",
	journal = "The Journal of Chemical Physics",
	shortjournal = "J. Chem. Phys.",
	year = "1979",
	volume = "70",
	number = "6",
	eid = "",
	pages = "2914 -- 2918",
	url = "http://scitation.aip.org/content/aip/journal/jcp/70/6/10.1063/1.437829",
	doi = "http://dx.doi.org/10.1063/1.437829"
}

@article{Berns1980,
	author = "Berns, Rut M. and van der Avoird, Ad",
	title = "N2–N2 interaction potential from abinitio calculations, with application to the structure of (N2)2",
	journal = "The Journal of Chemical Physics",
	shortjournal = "J. Chem. Phys.",
	year = "1980",
	volume = "72",
	number = "11",
	eid = "",
	pages = "6107 -- 6116",
	url = "http://scitation.aip.org/content/aip/journal/jcp/72/11/10.1063/1.439067",
	doi = "http://dx.doi.org/10.1063/1.439067"
}

@article{Mulder1980,
	author = "Fred Mulder and Gerard Van Dijk and Ad Van Der Avoird",
	title = "Multipole moments, polarizabilities and anisotropic long range interaction coefficients for N2",
	journal = "Molecular Physics",
	shortjournal = "Mol. Phys.",
	volume = "39",
	number = "2",
	pages = "407-425",
	year = "1980",
	doi = "10.1080/00268978000100341",
	URL = "http://dx.doi.org/10.1080/00268978000100341",
	eprint = "http://dx.doi.org/10.1080/00268978000100341"
}

@article{Luty1980,
	author = "Luty, T. and van der Avoird, A. and Berns, R. M.",
	title = "Lattice dynamics of solid N2 with an abinitio intermolecular potential",
	journal = "The Journal of Chemical Physics",
	shortjournal = "J. Chem. Phys.",
	year = "1980",
	volume = "73",
	number = "10", 
	pages = "5305-5309",
	url = "http://scitation.aip.org/content/aip/journal/jcp/73/10/10.1063/1.439959",
	doi = "http://dx.doi.org/10.1063/1.439959" 
}

@article{Chandler1981,
	author = "Chandler, David and Wolynes, Peter G.",
	title = "Exploiting the isomorphism between quantum theory and classical statistical mechanics of polyatomic fluids",
	journal = "The Journal of Chemical Physics",
	shortjournal = "J. Chem. Phys.",
	year = "1981",
	volume = "74",
	number = "7",
	eid = "",
	pages = "4078 -- 4095",
	url = "http://scitation.aip.org/content/aip/journal/jcp/74/7/10.1063/1.441588",
	doi = "http://dx.doi.org/10.1063/1.441588"
}

@article{vanHemert1982,
	author = "van Hemert, M. C. and Berns, R. M.",
	title = "Comparison of electron gas and abinitio potentials for the N2–N2 interactions. Application in the second virial coefficient",
	journal = "The Journal of Chemical Physics",
	shortjournal = "J. Chem. Phys.",
	year = "1982",
	volume = "76",
	number = "1",
	eid = "",
	pages = "354 -- 361",
	url = "http://scitation.aip.org/content/aip/journal/jcp/76/1/10.1063/1.442730",
	doi = "http://dx.doi.org/10.1063/1.442730"
}

@article{Visser1983,
	author = "Visser, F. and Wormer, P. E. S. and Stam, P.",
	title = "Time‐dependent coupled Hartree–Fock calculations of multipole polarizabilities and dispersion interactions in van der Waals dimers consisting of He, H2, Ne, and N2",
	journal = "The Journal of Chemical Physics",
	shortjournal = "J. Chem. Phys.",
	year = "1983",
	volume = "79",
	number = "10",
	eid = "",
	pages = "4973 -- 4984",
	url = "http://scitation.aip.org/content/aip/journal/jcp/79/10/10.1063/1.445591",
	doi = "http://dx.doi.org/10.1063/1.445591"
}

@article{Pack1983,
	author = "Pack, Russell T",
	title = "First quantum corrections to second virial coefficients for anisotropic interactions: Simple, corrected formulaa",
	journal = "The Journal of Chemical Physics",
	shortjournal = "J. Chem. Phys.",
	year = "1983",
	volume = "78",
	number = "12",
	eid = "",
	pages = "7217 -- 7222",
	url = "http://scitation.aip.org/content/aip/journal/jcp/78/12/10.1063/1.444762",
	doi = "http://dx.doi.org/10.1063/1.444762"
}

@article{vanHemert1983,
	author = "van Hemert, M. C. and Wormer, P. E. S. and van der Avoird, A.",
	title = "\emph{Ab Initio} Calculation of the Heisenberg Exchange Interaction between ${\mathrm{O}}_{2}$ Molecules",
	journal = "Physical Review Letters",
	shortjournal = "Phys. Rev. Lett.",
	volume = "51",
	issue = "13",
	pages = "1167 -- 1170",
	numpages = "0",
	year = "1983",
	month = "Sep",
	publisher = "American Physical Society",
	doi = "10.1103/PhysRevLett.51.1167",
	url = "http://link.aps.org/doi/10.1103/PhysRevLett.51.1167"
}

@article{Kuharski1984,
	author = "Robert A. Kuharski and Peter J. Rossky",
	title = "Quantum mechanical contributions to the structure of liquid water",
	journal = "Chemical Physics Letters",
	shortjournal = "Chem. Phys. Lett.",
	year = "1984",
	volume = "103",
	number = "5",
	pages = "357 -- 362",
	note = "",
	issn = "0009-2614",
	doi = "http://dx.doi.org/10.1016/0009-2614(84)80320-6",
	url = "http://www.sciencedirect.com/science/article/pii/0009261484803206"
}

@article{Takahashi1984,
	author = "Minoru Takahashi and Masatoshi Imada",
	title = "Monte Carlo Calculation of Quantum Systems. II. Higher Order Correction",
	journal = "Journal of the Physical Society of Japan",
	shortjournal = "J. Phys. Soc. Jpn.",
	year = "1984",
	volume = "53",
	number = "11",
	pages = "3765 -- 3769",
	doi = "10.1143/JPSJ.53.3765",
	url = "http://dx.doi.org/10.1143/JPSJ.53.3765",
	eprint = "http://dx.doi.org/10.1143/JPSJ.53.3765"
}

@article{Wormer1984,
	author = "Wormer, Paul E. S. and van der Avoird, Ad",
	title = "(Heisenberg) exchange and electrostatic interactions between O2 molecules: An abinitio study",
	journal = "The Journal of Chemical Physics",
	shortjournal = "J. Chem. Phys.",
	year = "1984",
	volume = "81",
	number = "4",
	eid = "",
	pages = "1929 -- 1939",
	url = "http://scitation.aip.org/content/aip/journal/jcp/81/4/10.1063/1.447867",
	doi = "http://dx.doi.org/10.1063/1.447867"
}

@article{Nyeland1984,
	author = "Carl Nyeland",
	title = "Rotational relaxation and transport coefficients for diatomic gases: computations on nitrogen",
	journal = "The Journal of Physical Chemistry",
	shortjournal = "J. Chem. Phys.",
	volume = "88",
	number = "6",
	pages = "1216-1221",
	year = "1984",
	doi = "10.1021/j150650a040",
	URL = "http://dx.doi.org/10.1021/j150650a040",
	eprint = "http://dx.doi.org/10.1021/j150650a040"
}

@article{Kuharski1985,
	author = "Kuharski, Robert A. and Rossky, Peter J.",
	title = "A quantum mechanical study of structure in liquid H2O and D2O",
	journal = "The Journal of Chemical Physics",
	shortjournal = "J. Chem. Phys.",
	year = "1985",
	volume = "82",
	number = "11",
	eid = "",
	pages = "5164 -- 5177",
	url = "http://scitation.aip.org/content/aip/journal/jcp/82/11/10.1063/1.448641",
	doi = "http://dx.doi.org/10.1063/1.448641"
}

@article{vanDerAvoird1986,
	author = "van der Avoird, A. and Wormer, P. E. S. and Jansen, A. P. J.",
	title = "An improved intermolecular potential for nitrogen",
	journal = "The Journal of Chemical Physics",
	shortjournal = "J. Chem. Phys.",
	year = "1986",
	volume = "84",
	number = "3",
	eid = "",
	pages = "1629 -- 1635",
	url = "http://scitation.aip.org/content/aip/journal/jcp/84/3/10.1063/1.450457",
	doi = "http://dx.doi.org/10.1063/1.450457"
}

@article{Kolos1986,
	author = "Kol/os, Wl/odzimierz and Szalewicz, Krzysztof and Monkhorst, Hendrik J.",
	title = "New Born–Oppenheimer potential energy curve and vibrational energies for the electronic ground state of the hydrogen molecule",
	journal = "The Journal of Chemical Physics",
	shortjournal = "J. Chem. Phys.",
	year = "1986",
	volume = "84",
	number = "6",
	eid = "",
	pages = "3278 -- 3283",
	url = "http://scitation.aip.org/content/aip/journal/jcp/84/6/10.1063/1.450258",
	doi = "http://dx.doi.org/10.1063/1.450258"
}

@article{Schwenke1988,
	author = "Schwenke, David W.",
	title = "Calculations of rate constants for the three‐body recombination of H2 in the presence of H2",
	journal = "The Journal of Chemical Physics",
	shortjournal = "J. Chem. Phys.",
	year = "1988",
	volume = "89",
	number = "4",
	eid = "",
	pages = "2076 -- 2091",
	url = "http://scitation.aip.org/content/aip/journal/jcp/89/4/10.1063/1.455104",
	doi = "http://dx.doi.org/10.1063/1.455104"
}

@article{Cao1989,
	author = "Cao, Jianshu and Berne, Bruce J.",
	title = "On energy estimators in path integral Monte Carlo simulations:  Dependence of accuracy on algorithm",
	journal = "The Journal of Chemical Physics",
	shortjournal = "J. Chem. Phys.",
	year = "1989",
	volume = "91",
	number = "10",
	eid = "",
	pages = "6359 -- 6366",
	url = "http://scitation.aip.org/content/aip/journal/jcp/91/10/10.1063/1.457403",
	doi = "http://dx.doi.org/10.1063/1.457403"
}

@article{Boothroyd1991,
	author = "Boothroyd, Arnold I. and Dove, John E. and Keogh, William J. and Martin, Peter G. and Peterson, Michael R.",
	title = "Accurate abinitio potential energy computations for the H4 system: Tests of some analytic potential energy surfaces",
	journal = "The Journal of Chemical Physics",
	shortjournal = "J. Chem. Phys.",
	year = "1991",
	volume = "95",
	number = "6", 
	eid = "",
	pages = "4331 -- 4342",
	url = "http://scitation.aip.org/content/aip/journal/jcp/95/6/10.1063/1.461757",
	doi = "http://dx.doi.org/10.1063/1.461757" 
}

@article{Janke1992,
	author = "W. Janke and T. Sauer",
	title = "Properties of higher-order Trotter formulas",
	journal = "Physics Letters A",
	shortjournal = "Phys. Lett. A",
	year = "1992",
	volume = "165",
	number = "3",
	pages = "199 -- 205",
	note = "",
	issn = "0375-9601",
	doi = "http://dx.doi.org/10.1016/0375-9601(92)90035-K",
	url = "http://www.sciencedirect.com/science/article/pii/037596019290035K",
}

@article{Bussery1993,
	author = "Bussery, B. and Wormer, P. E. S.",
	title = "A van der Waals intermolecular potential for (O2)2",
	journal = "The Journal of Chemical Physics",
	shortjournal = "J. Chem. Phys.",
	year = "1993",
	volume = "99",
	number = "2",
	eid = "",
	pages = "1230 -- 1239",
	url = "http://scitation.aip.org/content/aip/journal/jcp/99/2/10.1063/1.465367",
	doi = "http://dx.doi.org/10.1063/1.465367"
}

@article{Tuckerman:1993hu,
    author = "Mark E. Tuckerman and Bruce J Berne and Glenn J Martyna and Michael L Klein",
	title = "Efficient molecular dynamics and hybrid Monte Carlo algorithms for path integrals",
    journal = "The Journal of Chemical Physics",
	shortjournal = "J. Chem. Phys.",
	year = "1993",
	volume = "99",
	number = "4",
	pages = "2796 -- 2808"
}

@article{Marx1994,
	author = "D. Marx",
	title = "Rotational Motion of Linear Molecules in Three Dimensions: A Path-Integral Monte Carlo Approach",
	journal = "Molecular Simulation",
	shortjournal = "Mol. Sim.",
	year = "1994",
	volume = "12",
	number = "1",
	pages = "33 -- 48",
	doi = "10.1080/08927029408022534",
	url = "http://dx.doi.org/10.1080/08927029408022534",
	eprint = "http://dx.doi.org/10.1080/08927029408022534"
}

@article{Ceperley1995,
	author = "Ceperley, D. M.",
	title = "Path integrals in the theory of condensed helium",
	journal = "Reviews of Modern Physics",
	shortjournal = "Rev. Mod. Phys.",
	volume = "67",
	issue = "2",
	pages = "279 -- 355",
	numpages = "0",
	year = "1995",
	month = "Apr",
	publisher = "American Physical Society",
	doi = "10.1103/RevModPhys.67.279",
	url = "http://link.aps.org/doi/10.1103/RevModPhys.67.279"
}

@article{Suzuki1995,
	author = "Masuo Suzuki",
	title = "Hybrid exponential product formulas for unbounded operators with possible applications to Monte Carlo simulations",
	journal = "Physics Letters A",
	shortjournal = "Phys. Lett. A",
	year = "1995",
	volume = "201",
	pages = "425 -- 428",
	note = "",
	issn = "0375-9601",
	doi = "http://dx.doi.org/10.1016/0375-9601(95)00266-6",
	url = "http://www.sciencedirect.com/science/article/pii/0375960195002666",
}

@article{Aziz1995,
	author = "Aziz, Ronald A. and Janzen, Alec R. and Moldover, Michael R.",
	title = "\emph{Ab Initio} Calculations for Helium: A Standard for Transport Property Measurements",
	journal = "Physical Review Letters",
	shortjournal = "Phys. Rev. Lett.",
	volume = "74",
	issue = "9",
	pages = "1586 -- 1589",
	numpages = "0",
	year = "1995",
	month = "Feb",
	publisher = "American Physical Society",
	doi = "10.1103/PhysRevLett.74.1586",
	url = "http://link.aps.org/doi/10.1103/PhysRevLett.74.1586"
}

@article{Cui1997,
	author = "Cui, T. and Cheng, E and Alder, B. J. and Whaley, K. B.",
	title = "Rotational ordering in solid deuterium and hydrogen: A path integral Monte Carlo study",
	journal = "Physical Review B",
	shortjournal = "Phys. Rev. B",
	volume = "55",
	issue = "18",
	pages = "12253 -- 12266",
	numpages = "0",
	year = "1997",
	month = "May",
	publisher = "American Physical Society",
	doi = "10.1103/PhysRevB.55.12253",
	url = "http://link.aps.org/doi/10.1103/PhysRevB.55.12253"
}

@article{Stallcop1997,
	author = "James R. Stallcop and Harry Partridge",
	title = "The ${\rm N_2 - N_2}$ potential energy surface",
	journal = "Chemical Physics Letters",
	shortjournal = "Chem. Phys. Lett.",
	year = "1997",
	volume = "281",
	number = "1 -- 3",
	pages = "212 -- 220",
	note = "",
	issn = "0009-2614",
	doi = "http://dx.doi.org/10.1016/S0009-2614(97)01148-2",
	url = "http://www.sciencedirect.com/science/article/pii/S0009261497011482"
}

@article{Cappelletti1998,
	author = "D. Cappelletti and F. Vecchiocattivi and F. Pirani and E. L. Heck and A. S. Dickinson",
	title = "An intermolecular potential for nitrogen from a multi-property analysis",
	journal = "Molecular Physics",
	shortjournal = "Mol. Phys.",
	year = "1998",
	volume = "93",
	number = "3",
	pages = "485 -- 499",
	doi = "10.1080/002689798169177",
	url = "http://dx.doi.org/10.1080/002689798169177",
	eprint = "http://dx.doi.org/10.1080/002689798169177"
}

@article{Friedrich1998,
	author = "Bretislav Friedrich and Robert deCarvalho and Jinha Kim and David Patterson and Jonathan D. Weinstein and John M. Doyle",
	title = "Towards magnetic trapping of molecules",
	journal = "Journal of the Chemical Society, Faraday Transactions",
	shortjournal = "J. Chem. Soc., Faraday Trans.",
	year = "1998",
	volume = "94",
	number = "13",
	pages = "1783 -- 1791",
	publisher  = "The Royal Society of Chemistry",
	doi  = "10.1039/A708859K",
	url  = "http://dx.doi.org/10.1039/A708859K",
}

@article{Marx1999,
	author = "Dominik Marx and Martin H Müser",
	title = "Path integral simulations of rotors: theory and applications",
	journal = "Journal of Physics: Condensed Matter",
	shortjournal = "J. Phys.: Condens. Matter",
	year = "1999",
	volume = "11",
	number = "11",
	pages = "R117 - R155",
	url = "http://stacks.iop.org/0953-8984/11/i=11/a=003"
}

@article{Aquilanti1999,
	author = "Vincenzo Aquilanti and Daniela Ascenzi and Massimiliano Bartolomei and Daivd Cappelletti and Simonetta Cavalli and Miguel de Castro Vitores and Fernando Pirani",
	title = "Molecular Beam Scattering of Aligned Oxygen Molecules. The Nature of the Bond in the ${\rm O_2 - O_2}$ Dimer",
	journal = "Journal of American Chemical Society",
	shortjournal = "J. Am. Chem. Soc.",
	year = "1999",
	volume = "121",
	number = "46",
	pages = "10794 -- 10802",
	doi = "10.1021/ja9917215",
	url = "http://dx.doi.org/10.1021/ja9917215",
	eprint = "http://dx.doi.org/10.1021/ja9917215"
}

@article{Diep2000,
	author = "Diep, Phong and Johnson, J. Karl",
	title = "An accurate H2–H2 interaction potential from first principles",
	journal = "The Journal of Chemical Physics",
	shortjournal = "J. Chem. Phys.",
	year = "2000",
	volume = "112",
	number = "10",
	eid = "",
	pages = "4465 -- 4473",
	url = "http://scitation.aip.org/content/aip/journal/jcp/112/10/10.1063/1.481009",
	doi = "http://dx.doi.org/10.1063/1.481009"
}

@article{Mas2000,
	author = "Mas, Eric M. and Bukowski, Robert and Szalewicz, Krzysztof and Groenenboom, Gerrit C. and Wormer, Paul E. S. and van der Avoird, Ad",
	title = "Water pair potential of near spectroscopic accuracy. I. Analysis of potential surface and virial coefficients",
	journal = "The Journal of Chemical Physics",
	shortjournal = "J. Chem. Phys.",
	year = "2000",
	volume = "113",
	number = "16",
	eid = "",
	pages = "6687 -- 6701",
	url = "http://scitation.aip.org/content/aip/journal/jcp/113/16/10.1063/1.1311289",
	doi = "http://dx.doi.org/10.1063/1.1311289"
}

@article{Groenenboom2000,
	author = "Groenenboom, G. C. and Wormer, P. E. S. and van der Avoird, A. and Mas, E. M. and Bukowski, R. and Szalewicz, K.",
	title = "Water pair potential of near spectroscopic accuracy. II. Vibration–rotation–tunneling levels of the water dimer",
	journal = "The Journal of Chemical Physics",
	shortjournal = "J. Chem. Phys.",
	year = "2000",
	volume = "113",
	number = "16",
	eid = "",
	pages = "6702 -- 6715",
	url = "http://scitation.aip.org/content/aip/journal/jcp/113/16/10.1063/1.1311290",
	doi = "http://dx.doi.org/10.1063/1.1311290"
}

@article {Grebenev2000,
	author = "Grebenev, Slava and Sartakov, Boris and Toennies, J. Peter and Vilesov, Andrei F.",
	title = "Evidence for Superfluidity in Para-Hydrogen Clusters Inside Helium-4 Droplets at 0.15 Kelvin",
	journal = "Science",
	shortjournal = "Science",
	volume = "289",
	number = "5484",
	pages = "1532 -- 1535",
	year = "2000",
	doi = "10.1126/science.289.5484.1532",
	publisher = "American Association for the Advancement of Science",
	issn = "0036-8075",
	URL = "http://science.sciencemag.org/content/289/5484/1532",
	eprint = "http://science.sciencemag.org/content/289/5484/1532.full.pdf"
}

@article{Avdeenkov2001,
	author = "Avdeenkov, Alexandr V. and Bohn, John L.",
	title = "Ultracold collisions of oxygen molecules",
	journal = "Physical Review A",
	shortjournal = "Phys. Rev. A",
	volume = "64",
	issue = "5",
	pages = "052703",
	numpages = "10",
	year = "2001",
	month = "Oct",
	publisher = "American Physical Society",
	doi = "10.1103/PhysRevA.64.052703",
	url = "http://link.aps.org/doi/10.1103/PhysRevA.64.052703"
}

@article{Mielke2002,
	author = "Mielke, Steven L. and Garrett, Bruce C. and Peterson, Kirk A.",
	title = "A hierarchical family of global analytic Born–Oppenheimer potential energy surfaces for the H+H2 reaction ranging in quality from double-zeta to the complete basis set limit",
	journal = "The Journal of Chemical Physics",
	shortjournal = "J. Chem. Phys.",
	year = "2002",
	volume = "116",
	number = "10",
	eid = "",
	pages = "4142 -- 4161",
	url = "http://scitation.aip.org/content/aip/journal/jcp/116/10/10.1063/1.1432319",
	doi = "http://dx.doi.org/10.1063/1.1432319"
}

@article{Glaesemann2002,
	author = "Glaesemann, Kurt R. and Fried, Laurence E.",
	title = "An improved thermodynamic energy estimator for path integral simulations",
	journal = "The Journal of Chemical Physics",
	shortjournal = "J. Chem. Phys.",
	year = "2002",
	volume = "116",
	number = "14",
	eid = "",
	pages = "5951 -- 5955",
	url = "http://scitation.aip.org/content/aip/journal/jcp/116/14/10.1063/1.1460861",
	doi = "http://dx.doi.org/10.1063/1.1460861"
}

@article{Schenter2002,
	author = "Schenter, Gregory K.",
	title = "The development of effective classical potentials and the quantum statistical mechanical second virial coefficient of water",
	journal = "The Journal of Chemical Physics",
	shortjournal = "J. Chem. Phys.",
	year = "2002",
	volume = "117",
	number = "14",
	eid = "",
	pages = "6573 -- 6581",
	url = "http://scitation.aip.org/content/aip/journal/jcp/117/14/10.1063/1.1505441",
	doi = "http://dx.doi.org/10.1063/1.1505441"
}

@article{Leonhard2002,
	author = "K. Leonhard and U. K. Deiters",
	title = "Monte Carlo simulations of nitrogen using an \emph{ab initio} potential",
	journal = "Molecular Physics",
	shortjournal = "Mol. Phys.",
	year = "2002",
	volume = "100",
	number = "15",
	pages = "2571 -- 2585",
	doi = "10.1080/00268970110118303",
	url = "http://dx.doi.org/10.1080/00268970110118303",
	eprint = "http://dx.doi.org/10.1080/00268970110118303"
}

@article{Boothroyd2002,
	author = "Boothroyd, A. I. and Martin, P. G. and Keogh, W. J. and Peterson, M. J.",
	title = "An accurate analytic H4 potential energy surface",
	journal = "The Journal of Chemical Physics",
	shortjournal = "J. Chem. Phys.",
	year = "2002",
	volume = "116",
	number = "2",
	eid = "",
	pages = "666 -- 689",
	url = "http://scitation.aip.org/content/aip/journal/jcp/116/2/10.1063/1.1405008",
	doi = "http://dx.doi.org/10.1063/1.1405008"
}

@article{Boothroyd2003,
	author = "Boothroyd, Arnold I. and Martin, Peter G. and Peterson, Michael R.",
	title = "Accurate analytic He–H[sub 2] potential energy surface from a greatly expanded set of ab initio energies.",
	journal = "The Journal of Chemical Physics",
	shortjournal = "J. Chem. Phys.",
	volume = "119",
	number = "6",
	year = "2003",
	eid = "",
	pages = "3187 -- 3207",
	url = "http://scitation.aip.org/content/aip/journal/jcp/119/6/10.1063/1.1589734",
	doi = "http://dx.doi.org/10.1063/1.1589734"
}

@article{Singh2004,
	author = "Singh, Jayant K. and Kofke, David A.",
	title = "Mayer Sampling: Calculation of Cluster Integrals using Free-Energy Perturbation Methods",
	journal = "Physical Review Letters",
	shortjournal = "Phys. Rev. Lett.",
	volume = "92",
	issue = "22",
	pages = "220601",
	numpages = "4",
	year = "2004",
	month = "Jun",
	publisher = "American Physical Society",
	doi = "10.1103/PhysRevLett.92.220601",
	url = "http://link.aps.org/doi/10.1103/PhysRevLett.92.220601"
}

@article{Tilford2004,
	author = "Tilford, K. and Hoster, M. and Florian, P. M. and Forrey, R. C.",
	title = "Cold collisions involving rotationally hot oxygen molecules",
	journal = "Physical Review A",
	shortjournal = "Phys. Rev. A",
	volume = "69",
	issue = "5",
	pages = "052705",
	numpages = "7",
	year = "2004",
	month = "May",
	publisher = "American Physical Society",
	doi = "10.1103/PhysRevA.69.052705",
	url = "http://link.aps.org/doi/10.1103/PhysRevA.69.052705"
}

@article{Hodges2004,
	author = "Hodges, Matthew P. and Wheatley, Richard J. and Schenter, Gregory K. and Harvey, Allan H.",
	title = "Intermolecular potential and second virial coefficient of the water–hydrogen complex.",
	journal = "Journal of Chemical Physics",
	shortjournal = "J. Chem. Phys.",
	number = "2",
	pages = "710 -- 720",
	volume = "120",
	year = "2004",
	eid = "",
	url = "http://scitation.aip.org/content/aip/journal/jcp/120/2/10.1063/1.1630960",
	doi = "http://dx.doi.org/10.1063/1.1630960"
}

@article{Jafari2005,
	author = "Mohamad H. Karimi Jafari and Ali Maghari and Shant Shahbazian",
	title = "An improved ab initio potential energy surface for N2-N2",
	journal = "Chemical Physics",
	shortjournal = "Chem. Phys.",
	year = "2005",
	volume = "314",
	number = "1 -- 3",
	pages = "249 -- 262",
	note = "",
	issn = "0301-0104",
	doi = "http://dx.doi.org/10.1016/j.chemphys.2005.03.009",
	url = "http://www.sciencedirect.com/science/article/pii/S0301010405000856"
}

@article{Yamamoto2005,
	author = "Yamamoto, Takeshi M.",
	title = "Path-integral virial estimator based on the scaling of fluctuation coordinates: Application to quantum clusters with fourth-order propagators",
	journal = "The Journal of Chemical Physics",
	shortjournal = "J. Chem. Phys.",
	year = "2005",
	volume = "123",
	number = "10",
	eid = 104101,
	pages = "",
	url = "http://scitation.aip.org/content/aip/journal/jcp/123/10/10.1063/1.2013257",
	doi = "http://dx.doi.org/10.1063/1.2013257"
}

@article{Lamoneda2005,
	author = "Ramón Hernández-Lamoneda and Massimiliano Bartolomei and Marta I. Hernández and and José Campos-Martínez and Fabrice Dayou",
	title = "Intermolecular Potential of the O2 -- O2 Dimer. An ab Initio Study and Comparison with Experiment",
	journal = "The Journal of Physical Chemistry A",
	shortjournal = "J. Phys. Chem. A",
	volume = "109",
	number = "50",
	pages = "11587-11595",
	year = "2005",
	doi = "10.1021/jp053728g",
	URL = "http://dx.doi.org/10.1021/jp053728g",
	eprint = "http://dx.doi.org/10.1021/jp053728g"
}

@article{Lamoneda2005CPL,
	author = "Ramón Hernández-Lamoneda and Marta I. Hernández and José Campos-Martínez",
	title = "The intermolecular potential of O2 -- O2 in its quintet state: An ab initio study ",
	journal = "Chemical Physics Letters ",
	shortjournal = "Chem. Phys. Lett.",
	volume = "414",
	number = "1–3",
	pages = "11 -- 16",
	year = "2005",
	issn = "0009-2614",
	doi = "http://dx.doi.org/10.1016/j.cplett.2005.08.022",
	url = "http://www.sciencedirect.com/science/article/pii/S0009261405011863"
}

@article{Pitre2006,
	author = "Laurent Pitre and Michael R. Moldover and Weston L. Tew",
	title = "Acoustic thermometry: new results from 273K to 77K and progress towards 4K",
	journal = "Metrologia",
	shortjournal = "Metrologia",
	year = "2006",
	volume = "43",
	number = "1",
	pages = "142 -- 162",
	url = "http://stacks.iop.org/0026-1394/43/i=1/a=020"
}

@article{Fellmuth2006,
	author = "B. Fellmuth and Ch. Gaiser and J. Fischer",
	title = "Determination of the Boltzmann constant - status and prospects",
	journal = "Measurement Science and Technology",
	shortjournal = "Meas. Sci. Technol.",
	year = "2006",
	volume = "17",
	number = "10",
	pages = "R145 -- R159",
	url = "http://stacks.iop.org/0957-0233/17/i=10/a=R01"
}

@article{May2006,
	author = "Eric F. May and Michael R. Moldover and Robert F. Berg and John J. Hurly",
	title = "Transport properties of argon at zero density from viscosity-ratio measurements",
	journal = "Metrologia",
	shortjournal = "Metrologia",
	year = "2006",
	volume = "43",
	number = "3",
	pages = "247 -- 258",
	url = "http://stacks.iop.org/0026-1394/43/i=3/a=007"
}

@article{Schmidt2007,
	author = "Schmidt, J. W. and Gavioso, R. M. and May, E. F. and Moldover, M. R.",
	title = "Polarizability of Helium and Gas Metrology",
	journal = "Physical Review Letters",
	shortjournal = "Phys. Rev. Lett.",
	volume = "98",
	issue = "25",
	pages = "254504",
	numpages = "4",
	year = "2007",
	month = "Jun",
	publisher = "American Physical Society",
	doi = "10.1103/PhysRevLett.98.254504",
	url = "http://link.aps.org/doi/10.1103/PhysRevLett.98.254504"
}

@article{Benjamin2007,
	author = "Kenneth M. Benjamin and Jayant K. Singh and Andrew J. Schultz and David A. Kofke",
	title = "Higher-Order Virial Coefficients of Water Models",
	journal = "Journal of Physical Chemistry B",
	shortjournal = "J. Phys. Chem. B",
	year = "2007",
	volume = "111",
	number = "39",
	pages = "11463 -- 11473",
	doi = "10.1021/jp0710685",
	note = "PMID: 17850128",
	url = "http://dx.doi.org/10.1021/jp0710685",
	eprint = "http://dx.doi.org/10.1021/jp0710685"
}

@article{Karney2007,
	author = "Charles F. F. Karney",
	title = "Quaternions in Molecular Modeling",
	journal = "Journal of Molecular Graphics and Modelling",
	shortjournal = "J. Mol. Graph. Mod.",
	year = "2007",
	volume = "25",
	number = "5",
	pages = "595 -- 604",
	note = "",
	issn = "1093-3263",
	doi = "http://dx.doi.org/10.1016/j.jmgm.2006.04.002",
	url = "http://www.sciencedirect.com/science/article/pii/S1093326306000829"
}

@article{Gomez2007,
	author = "L. Gomez and B. Bussery-Honvault and T. Cauchy and M. Bartolomei and D. Cappelletti and F. Pirani",
	title = "Global fits of new intermolecular ground state potential energy surfaces for ${\rm N_2 - \rm H_2}$ and ${\rm N_2 - N_2}$ van der Waals dimers",
	journal = "Chemical Physics Letters",
	shortjournal = "Chem. Phys. Lett.",
	year = "2007",
	volume = "445",
	number = "4 -- 6",
	pages = "99 -- 107",
	note = "",
	issn = "0009-2614",
	doi = "http://dx.doi.org/10.1016/j.cplett.2007.07.053",
	url = "http://www.sciencedirect.com/science/article/pii/S0009261407009906"
}

@article{Strak2007,
	author = "Strąk, Paweł and Krukowski, Stanisław",
	title = "Molecular nitrogen-N2 properties: The intermolecular potential and the equation of state",
	journal = "The Journal of Chemical Physics",
	shortjournal = "J. Chem. Phys.",
	year = "2007",
	volume = "126",
	number = "19",
	eid = 194501,
	pages = "",
	url = "http://scitation.aip.org/content/aip/journal/jcp/126/19/10.1063/1.2733651",
	doi = "http://dx.doi.org/10.1063/1.2733651"
}

@article{Jacobsen2007,
	author = "Jacobsen, R. T. and Leachman, J. W. and Penoncello, S. G. and Lemmon, E. W.",
	title = "Current Status of Thermodynamic Properties of Hydrogen",
	journal = "International Journal of Thermophysics",
	shortjournal = "Int. J. Thermophys.",
	year = "2007",
	volume = "28",
	number = "3",
	pages = "758 -- 772",
	issn = "1572-9567",
	doi = "10.1007/s10765-007-0226-7",
	url = "http://dx.doi.org/10.1007/s10765-007-0226-7"
}

@article{Holleran2007,
	author = "Eugene Holleran",
	title = "Improved virial coefficients",
	journal = "Fluid Phase Equilibria",
	shortjournal = "Fluid Phase Equilib.",
	volume = "251",
	number = "1",
	pages = "29 -- 32",
	year = "2007",
	note = "",
	issn = "0378-3812",
	doi = "http://dx.doi.org/10.1016/j.fluid.2006.10.026",
	url = "http://www.sciencedirect.com/science/article/pii/S0378381206004729"
}

@article{Masters2008,
	author = "Andrew J. Masters",
	title = "Virial expansions",
	journal = "Journal of Physics: Condensed Matter",
	shortjournal = "J. Phys.: Condens. Matter",
	year = "2008",
	volume = "20",
	number = "28",
	pages = "283102",
	url = "http://stacks.iop.org/0953-8984/20/i=28/a=283102"
}

@article{Garberoglio2008,
	author = "Garberoglio, G.",
	title = "Boltzmann bias grand canonical Monte Carlo",
	journal = "The Journal of Chemical Physics",
	shortjournal = "J. Chem. Phys.",
	year = "2008",
	volume = "128",
	number = "13",
	eid = 134109,
	pages = "",
	url = "http://scitation.aip.org/content/aip/journal/jcp/128/13/10.1063/1.2883683",
	doi = "http://dx.doi.org/10.1063/1.2883683"
}

@article{Patkowski2008,
	author = "Patkowski, Konrad and Cencek, Wojciech and Jankowski, Piotr and Szalewicz, Krzysztof and Mehl, James B. and Garberoglio, Giovanni and Harvey, Allan H.",
	title = "Potential energy surface for interactions between two hydrogen molecules",
	journal = "The Journal of Chemical Physics",
	shortjournal = "J. Chem. Phys.",
	year = "2008",
	volume = "129",
	number = "9",
	eid = 094304,
	pages = "",
	url = "http://scitation.aip.org/content/aip/journal/jcp/129/9/10.1063/1.2975220",
	doi = "http://dx.doi.org/10.1063/1.2975220"
}

@article{Bukowski2008,
	author = "Bukowski, Robert and Szalewicz, Krzysztof and Groenenboom, Gerrit C. and van der Avoird, Ad",
	title = "Polarizable interaction potential for water from coupled cluster calculations. II. Applications to dimer spectra, virial coefficients, and simulations of liquid water",
	journal = "The Journal of Chemical Physics",
	shortjournal = "J. Chem. Phys.",
	year = "2008",
	volume = "128",
	number = "9",
	eid = 094314,
	pages = "",
	url = "http://scitation.aip.org/content/aip/journal/jcp/128/9/10.1063/1.2832858",
	doi = "http://dx.doi.org/10.1063/1.2832858"
}

@article{Hinde2008,
	author = "Hinde, Robert J.",
	title = "A six-dimensional H2–H2 potential energy surface for bound state spectroscopy",
	journal = "The Journal of Chemical Physics",
	shortjournal = "J. Chem. Phys.",
	year = "2008",
	volume = "128",
	number = "15",
	eid = 154308,
	pages = "",
	url = "http://scitation.aip.org/content/aip/journal/jcp/128/15/10.1063/1.2826340",
	doi = "http://dx.doi.org/10.1063/1.2826340"
}

@article{Bartolomei2008,
	author = "Bartolomei, Massimiliano and Carmona-Novillo, Estela and Hernández, Marta I. and Campos-Martínez, José and Hernandez-Lamoneda, Ramón",
	title = "Accurate ab initio intermolecular potential energy surface for the quintet state of the O2(Σg−3)–O2(Σg−3) dimer",
	journal = "The Journal of Chemical Physics",
	shortjournal = "J. Chem. Phys.",
	year = "2008",
	volume = "128",
	number = "21",
	eid = 214304,
	pages = "",
	url = "http://scitation.aip.org/content/aip/journal/jcp/128/21/10.1063/1.2929852",
	doi = "http://dx.doi.org/10.1063/1.2929852"
}

@article{Cencek2008,
	author = "Wojciech Cencek and Krzysztof Szalewicz and Claude Leforestier and Rob van Harrevelt and Ad van der Avoird",
	title = "An accurate analytic representation of the water pair potential",
	journal = "Physical Chemistry Chemical Physics",
	shortjournal = "Phy. Chem. Chem. Phys.",
	year = "2008",
	volume = "10",
	issue = "32",
	pages = "4716 -- 4731",
	publisher  = "The Royal Society of Chemistry",
	doi  = "10.1039/B809435G",
	url  = "http://dx.doi.org/10.1039/B809435G"
}

@article{Zuchowski2008,
	author = "P.S. Żuchowski",
	title = "Interaction potential for the quintet state of the O2 -- O2 dimer from symmetry-adapted perturbation theory based on DFT description of monomers ",
	journal = "Chemical Physics Letters ",
	shortjournal = "Chem. Phys. Lett.",
	volume = "450",
	number = "4–6",
	pages = "203 -- 209",
	year = "2008",
	issn = "0009-2614",
	doi = "http://dx.doi.org/10.1016/j.cplett.2007.11.014",
	url = "http://www.sciencedirect.com/science/article/pii/S0009261407015254"
}

@article{Leachman2009,
	author = "J. W. Leachman and R. T. Jacobsen and S. G. Penoncello and E. W. Lemmon",
	title = "Fundamental Equations of State for Parahydrogen, Normal Hydrogen and Orthohydrogen",
	journal = "Journal of Physical and Chemical Reference Data",
	shortjournal = "J. Phys. Chem. Ref. Data",
	year = "2009",
	volume = "38",
	number = "3",
	pages = "721 -- 748",
	eid = "",
	url = "http://scitation.aip.org/content/aip/journal/jpcrd/38/3/10.1063/1.3160306",
	doi = "http://dx.doi.org/10.1063/1.3160306"
}

@article{Garberoglio2009,
	author = "Giovanni Garberoglio and Allan H. Harvey",
	title = "First-Principles Calculation of the Third Virial Coefficient of Helium",
	journal = "Journal of Research of the National Institute of Standards and Technology",
	shortjournal = "J. Res. Natl. Inst. Stand. Technol.",
	year = "2009",
	volume = "114",
	issue = "5",
	pages = "249 -- 262",
	url = "http://dx.doi.org/10.6028/jres.114.018"
}

@article{Szalewicz2009,
	author = "Krzysztof Szalewicz and Claude Leforestier and Ad van der Avoird",
	title = "Towards the complete understanding of water by a first-principles computational approach",
	journal = "Chemical Physics Letters",
	shortjournal = "Chem. Phys. Lett.",
	year = "2009",
	volume = "482",
	pages = "1 -- 14",
	note = "",
	issn = "0009-2614",
	doi = "http://dx.doi.org/10.1016/j.cplett.2009.09.029",
	url = "http://www.sciencedirect.com/science/article/pii/S0009261409011336"
}

@article{Schultz2009,
	author = "Andrew J. Schultz and David A. Kofke",
	title = "Sixth, seventh and eighth virial coefficients of the Lennard-Jones model",
	journal = "Molecular Physics",
	shortjournal = "Mol. Phys.",
	year = "2009",
	volume = "107",
	number = "21",
	pages = "2309",
	doi = "10.1080/00268970903267053",
	url = "http://dx.doi.org/10.1080/00268970903267053",
	eprint = "http://dx.doi.org/10.1080/00268970903267053"
}

@article{Benjamin2009,
	author = "Kenneth M. Benjamin and Andrew J. Schultz and David A. Kofke",
	title = "Fourth and Fifth Virial Coefficients of Polarizable Water",
	journal = "Journal of Physical Chemistry B",
	shortjournal = "J. Phys. Chem. B",
	year = "2009",
	volume = "113",
	issue = "22",
	pages = "7810 -- 7815",
	doi = "10.1021/jp901232m",
	note = "PMID: 19435333",
	url = "http://dx.doi.org/10.1021/jp901232m",
	eprint = "http://dx.doi.org/10.1021/jp901232m"
}

@article{Schultz2009m,
	author = "Schultz, Andrew J. and Kofke, David A.",
	title = "Virial coefficients of Lennard-Jones mixtures",
	journal = "The Journal of Chemical Physics",
	shortjournal = "J. Chem. Phys.",
	year = "2009",
	volume = "130",
	number = "22",
	eid = 224104,
	pages = "",
	url = "http://scitation.aip.org/content/aip/journal/jcp/130/22/10.1063/1.3148379",
	doi = "http://dx.doi.org/10.1063/1.3148379"
}

@article{Tscherbul2009,
	author = "T V Tscherbul and Yu V Suleimanov and V Aquilanti and R V Krems",
	title = "Magnetic field modification of ultracold molecule-molecule collisions",
	journal = "New Journal of Physics",
	shortjournal = "New J. Phys.",
	year = "2009",
	volume  = "11",
	number = "5",
	pages = "055021",
	url = "http://stacks.iop.org/1367-2630/11/i=5/a=055021"
}

@article{Gaiser2009,
	author = "Christof Gaiser and Bernd Fellmuth",
	title = "Helium virial coefficients—a comparison between new highly accurate theoretical and experimental data",
	journal = "Metrologia",
	shortjournal = "Metrologia",
	volume = "46",
	number = "5",
	pages = "525",
	url = "http://stacks.iop.org/0026-1394/46/i=5/a=017",
	year = "2009"
}

@article{Moldover2010,
	author = "Michael R. Moldover and Mark O. McLinden",
	title = "Using \emph{ab initio} data to accurately determine the fourth density virial coefficient of helium",
	journal = "The Journal of Chemical Thermodynamics",
	shortjournal = "J. Chem. Thermodyn.",
	year = "2010",
	volume = "42",
	number = "10",
	pages = "1193 -- 1203",
	note = "",
	issn = "0021-9614",
	doi = "http://dx.doi.org/10.1016/j.jct.2010.02.015",
	url = "http://www.sciencedirect.com/science/article/pii/S0021961410000686"
}

@article{Przybytek2010,
	author = "Przybytek, M. and Cencek, W. and Komasa, J. and \L{}ach, G. and Jeziorski, B. and Szalewicz, K.",
	title = "Relativistic and Quantum Electrodynamics Effects in the Helium Pair Potential",
	journal = "Physical Review Letters",
	shortjournal = "Phys. Rev. Lett.",
	volume = "104",
	issue = "18",
	pages = "183003",
	numpages = "4",
	year = "2010",
	month = "May",
	publisher = "American Physical Society",
	doi = "10.1103/PhysRevLett.104.183003",
	url = "http://link.aps.org/doi/10.1103/PhysRevLett.104.183003"
}

@article{Manzhos2010,
	author = "Sergei Manzhos and Kosuke Nakai and Koichi Yamashita",
	title = "Three-body interactions in clusters CO-(pH2)n",
	journal = "Chemical Physics Letters",
	shortjournal = "Chem. Phys. Lett.",
	year = "2010",
	volume = "493",
	pages = "229 -- 233",
	note = "",
	issn = "0009-2614",
	doi = "http://dx.doi.org/10.1016/j.cplett.2010.05.055",
	url = "http://www.sciencedirect.com/science/article/pii/S0009261410007190"
}

@article{Schultz2010,
	author = "Schultz, Andrew J. and Kofke, David A.",
	title = "Virial coefficients of model alkanes",
	journal = "The Journal of Chemical Physics",
	shortjournal = "J. Chem. Phys.",
	year = "2010",
	volume = "133",
	number = "10",
	eid = 104101,
	pages = "",
	url = "http://scitation.aip.org/content/aip/journal/jcp/133/10/10.1063/1.3486085",
	doi = "http://dx.doi.org/10.1063/1.3486085"
}

@article{Shaul2010,
	author = "Katherine R.S. Shaul and Andrew J. Schultz and David A. Kofke",
	title = "Mayer-sampling Monte Carlo calculations of methanol virial coefficients",
	journal = "Molecular Simulation",
	shortjournal = "Mol. Sim.",
	year = "2010",
	volume = "36",
	number = "15",
	pages = "1282 -- 1288",
	doi = "10.1080/08927021003699781",
	url = "http://dx.doi.org/10.1080/08927021003699781",
	eprint = "http://dx.doi.org/10.1080/08927021003699781"
}

@article{Garberoglio2010,
	author = "Giovanni Garberoglio and J. Karl Johnson",
	title = "Hydrogen Isotope Separation in Carbon Nanotubes: Calculation of Coupled Rotational and Translational States at High Densities",
	journal = "American Chemical Society Nano",
	shortjournal = "ACS Nano",
	year = "2010",
	volume = "4",
	number = "3",
	pages = "1703 -- 1715",
	doi = "10.1021/nn901592x",
	note = "PMID: 20146443",
	url = "http://dx.doi.org/10.1021/nn901592x",
	eprint = "http://dx.doi.org/10.1021/nn901592x"
}

@article{Bartolomei2010,
	author = "Bartolomei, Massimiliano and Carmona-Novillo, Estela and Hernández, Marta I. and Campos-Martínez, José and Hernández-Lamoneda, Ramón",
	title = "Global ab initio potential energy surfaces for the O2(Σ3g−)+O2(Σ3g−) interaction",
	journal = "The Journal of Chemical Physics",
	shortjournal = "J. Chem. Phys.",
	year = "2010",
	volume = "133",
	number = "12",
	eid = 124311,
	pages = "",
	url = "http://scitation.aip.org/content/aip/journal/jcp/133/12/10.1063/1.3479395",
	doi = "http://dx.doi.org/10.1063/1.3479395"
}

@article{Noya2011,
	author = "Eva G. Noya and Luis M. Se\'{s}e and Rafael Ram\'{i}rez and Carl McBride and Maria M. Conde and Carlos Vega",
	title = "Path integral Monte Carlo simulations for rigid rotors and their application to water",
	journal = "Molecular Physics",
	shortjournal = "Mol. Phys.",
	year = "2011",
	volume = "109",
	number = "1",
	pages = "149 -- 168",
	doi = "10.1080/00268976.2010.528202",
	url = "http://dx.doi.org/10.1080/00268976.2010.528202",
	eprint = "http://dx.doi.org/10.1080/00268976.2010.528202"
}

@article{Shaul2011,
	author = "K. R. S. Shaul and A. J. Schultz and A. Perera and D. A. Kofke",
	title = "Integral-equation theories and Mayer-sampling Monte Carlo: a tandem approach for computing virial coefficients of simple fluids",
	journal = "Molecular Physics",
	shortjournal = "Mol. Phys.",
	year = "2011",
	volume = "109",
	number = "20",
	pages = "2395 -- 2406",
	doi = "10.1080/00268976.2011.615764",
	url = "http://dx.doi.org/10.1080/00268976.2011.615764",
	eprint = "http://dx.doi.org/10.1080/00268976.2011.615764"
}

@article{Garberoglio2011,
	author = "Garberoglio, Giovanni and Harvey, Allan H.",
	title = "Path-integral calculation of the third virial coefficient of quantum gases at low temperatures",
	journal = "The Journal of Chemical Physics",
	shortjournal = "J. Chem. Phys.",
	year = "2011",
	volume = "134",
	number = "13",
	eid = 134106,
	pages = "",
	url = "http://scitation.aip.org/content/aip/journal/jcp/134/13/10.1063/1.3573564",
	doi = "http://dx.doi.org/10.1063/1.3573564"
}

@article{Garberoglio2011b,
	author = "Giovanni Garberoglio and Michael R. Moldover and Allan H. Harvey",
	title = "Improved First-Principles Calculation of the Third Virial Coefficient of Helium",
	journal = "Journal of Research of the National Institute of Standards and Technology",
	shortjournal = "J. Res. Natl. Inst. Stand. Technol.",
	year = "2011",
	volume = "116",
	issue = "4",
	pages = "729 -- 742",
	url = "http://dx.doi.org/10.6028/jres.116.016"
}

@article{Hellmann2011,
	author = "Hellmann, Robert and Bich, Eckard",
	title = "A systematic formulation of the virial expansion for nonadditive interaction potentials",
	journal = "The Journal of Chemical Physics",
	shortjournal = "J. Chem. Phys.",
	year = "2011",
	volume = "135",
	number = "8",
	eid = 084117,
	pages = "",
	url = "http://scitation.aip.org/content/aip/journal/jcp/135/8/10.1063/1.3626524",
	doi = "http://dx.doi.org/10.1063/1.3626524"
}

@article{Jager2011,
	author = "Jäger, Benjamin and Hellmann, Robert and Bich, Eckard and Vogel, Eckhard",
	title = "Ab initio virial equation of state for argon using a new nonadditive three-body potential",
	journal = "The Journal of Chemical Physics",
	shortjournal = "J. Chem. Phys.",
	year = "2011",
	volume = "135",
	number = "8",
	eid = 084308,
	pages = "",
	url = "http://scitation.aip.org/content/aip/journal/jcp/135/8/10.1063/1.3627151",
	doi = "http://dx.doi.org/10.1063/1.3627151"
}

@article{Scribano2011,
	author = "Scribano, Yohann and Akin-Ojo, Omololu and Faure, Alexandre",
	title = "Note: Second virial coefficient of the water-hydrogen complex from an explicitly correlated potential energy surface.",
	journal = "The Journal of Chemical Physics",
	shortjournal = "J. Chem. Phys.",
	number = "11",
	volume = "135",
	year = "2011",
	eid = "116101",
	pages = "",
	url = "http://scitation.aip.org/content/aip/journal/jcp/135/11/10.1063/1.3639191",
	doi = "http://dx.doi.org/10.1063/1.3639191"
}

@article{Shaul2012SC,
	author = "Katherine R. S. Shaul and Andrew J. Schultz and David A. Kofke and Michael R. Moldover",
	title = "Semiclassical fifth virial coefficients for improved \emph{ab initio} helium-4 standards",
	journal = "Chemical Physics Letters",
	shortjournal = "Chem. Phys. Lett.",
	year = "2012",
	volume = "531",
	pages = "11 -- 17",
	issn = "0009-2614",
	doi = "http://dx.doi.org/10.1016/j.cplett.2012.02.013",
	url = "http://www.sciencedirect.com/science/article/pii/S000926141200200X"
}

@article{Sakoda2012,
	author = "N. Sakoda and K. Shinoda and K. Motomura and K. Shinzato and M. Kohno and Y. Takata and M. Fujii",
	title = "Burnett PVT Measurements of Hydrogen and the Development of a Virial Equation of State at Pressures up to 100MPa",
	journal = "International Journal of Thermophysics",
	shortjournal = "Int. J. Thermophys.",
	year = "2012",
	volume = "33",
	number = "3",
	pages = "381 -- 395",
	issn = "1572-9567",
	doi = "10.1007/s10765-012-1168-2",
	url = "http://dx.doi.org/10.1007/s10765-012-1168-2"
}

@article{Cencek2012,
	author = "Cencek, Wojciech and Przybytek, Michał and Komasa, Jacek and Mehl, James B. and Jeziorski, Bogumił and Szalewicz, Krzysztof",
	title = "Effects of adiabatic, relativistic, and quantum electrodynamics interactions on the pair potential and thermophysical properties of helium",
	journal = "The Journal of Chemical Physics",
	shortjournal = "J. Chem. Phys.",
	year = "2012",
	volume = "136",
	number = "22",
	eid = 224303,
	pages = "",
	url = "http://scitation.aip.org/content/aip/journal/jcp/136/22/10.1063/1.4712218",
	doi = "http://dx.doi.org/10.1063/1.4712218"
}

@article{Garberoglio2012,
	author = "Garberoglio, Giovanni and Jankowski, Piotr and Szalewicz, Krzysztof and Harvey, Allan H.",
	title = "Second virial coefficients of H2 and its isotopologues from a six-dimensional potential",
	journal = "The Journal of Chemical Physics",
	shortjournal = "J. Chem. Phys.",
	year = "2012",
	volume = "137",
	number = "15",
	eid = 154308,
	pages = "",
	url = "http://scitation.aip.org/content/aip/journal/jcp/137/15/10.1063/1.4757565",
	doi = "http://dx.doi.org/10.1063/1.4757565"
}

@article{Shaul2012,
	author = "Shaul, Katherine R. S. and Schultz, Andrew J. and Kofke, David A.",
	title = "Path-integral Mayer-sampling calculations of the quantum Boltzmann contribution to virial coefficients of helium-4",
	journal = "The Journal of Chemical Physics",
	shortjournal = "J. Chem. Phys.",
	year = "2012",
	volume = "137",
	number = "18",
	eid = 184101,
	pages = "",
	url = "http://scitation.aip.org/content/aip/journal/jcp/137/18/10.1063/1.4764857",
	doi = "http://dx.doi.org/10.1063/1.4764857"
}

@article{Oreski2012,
	author = "S. Oreški",
	title = "Comparison of Neural Network and Empirical Models for Prediction of Second Virial Coefficients for Gases",
	journal = "Procedia Engineering",
	shortjournal = "Procedia Eng.",
	volume = "42",
	number = "",
	pages = "303 -- 312",
	year = "2012",
	note = "CHISA 2012",
	issn = "1877-7058",
	doi = "http://dx.doi.org/10.1016/j.proeng.2012.07.421",
	url = "http://www.sciencedirect.com/science/article/pii/S1877705812028214"
}

@article{Garberoglio2013,
	author = "Giovanni Garberoglio",
	title = "On the contribution of non-additive three-body interactions to the third virial coefficient of para-hydrogen",
	journal = "Chemical Physics Letters",
	shortjournal = "Chem. Phys. Lett.",
	year = "2013",
	volume = "557",
	pages = "26 -- 30",
	note = "",
	issn = "0009-2614",
	doi = "http://dx.doi.org/10.1016/j.cplett.2012.11.090",
	url = "http://www.sciencedirect.com/science/article/pii/S0009261412013966"
}

@article{Cencek2013,
	author = "Wojciech Cencek and Giovanni Garberoglio and Allan H. Harvey and Mark O. McLinden and Krzysztof Szalewicz",
	title = "Three-Body Nonadditive Potential for Argon with Estimated Uncertainties and Third Virial Coefficient",
	journal = "The Journal of Physical Chemistry A",
	shortjournal = "J. Phys. Chem. A",
	year = "2013",
	volume = "117",
	number = "32",
	pages = "7542 -- 7552",
	doi = "10.1021/jp4018579",
	note = "PMID: 23656531",
	url = "http://dx.doi.org/10.1021/jp4018579",
	eprint = "http://dx.doi.org/10.1021/jp4018579"
}

@article{Hellmann2013,
	author = "Robert Hellmann",
	title = "Ab initio potential energy surface for the nitrogen molecule pair and theromphysical properties of nitrogen gas",
	journal = "Molecular Physics",
	shortjournal = "Mol. Phys.",
	year = "2013",
	volume = "111",
	number = "3",
	pages = "387 -- 401",
	doi = "10.1080/00268976.2012.726379",
	url = "http://dx.doi.org/10.1080/00268976.2012.726379",
	eprint = "http://dx.doi.org/10.1080/00268976.2012.726379"
}

@article{Schultz2013,
	author = "Andrew J. Schultz and Nathaniel S. Barlow and Vipin Chaudhary and David A. Kofke",
	title = "Mayer Sampling Monte Carlo calculation of virial coefficients on graphics processors",
	journal = "Molecular Physics",
	volume = "111",
	number = "4",
	pages = "535-543",
	year = "2013",
	doi = "10.1080/00268976.2012.730642",
	URL = "http://dx.doi.org/10.1080/00268976.2012.730642",
	eprint = "http://dx.doi.org/10.1080/00268976.2012.730642"
}

@article{Gora2014,
	author = "Góra, Urszula and Cencek, Wojciech and Podeszwa, Rafał and van der Avoird, Ad and Szalewicz, Krzysztof",
	title = "Predictions for water clusters from a first-principles two- and three-body force field",
	journal = "The Journal of Chemical Physics",
	shortjournal = "J. Chem. Phys.",
	year = "2014",
	volume = "140",
	number = "19",
	eid = 194101,
	pages = "",
	url = "http://scitation.aip.org/content/aip/journal/jcp/140/19/10.1063/1.4875097",
	doi = "http://dx.doi.org/10.1063/1.4875097"
}

@article{Garberoglio2014,
	author = "Garberoglio, Giovanni and Jankowski, Piotr and Szalewicz, Krzysztof and Harvey, Allan H.",
	title = "Path-integral calculation of the second virial coefficient including intramolecular flexibility effects",
	journal = "The Journal of Chemical Physics",
	shortjournal = "J. Chem. Phys.",
	year = "2014",
	volume = "141",
	number = "4",
	eid = 044119,
	pages = "",
	url = "http://scitation.aip.org/content/aip/journal/jcp/141/4/10.1063/1.4890440",
	doi = "http://dx.doi.org/10.1063/1.4890440"
}

@article{Garberoglio2014mix,
	author = "Garberoglio, Giovanni and Patkowski, Konrad and Harvey, Allan H.",
	title = "Fully Quantum Cross Second Virial Coefficients for the Three-Dimensional He--H$_{\rm 2}$ Pair",
	journal = "International Journal of Thermophysics",
	shortjournal = "Int. J. Thermophys.",
	year = "2014",
	volume = "35",
	number = "8",
	pages = "1435 -- 1449",
	issn = "1572-9567",
	doi = "10.1007/s10765-014-1729-7",
	url = "http://dx.doi.org/10.1007/s10765-014-1729-7"
}

@article{Hellmann2014,
	author = "Robert Hellmann",
	title = "Ab initio potential energy surface for the carbon dioxide molecule pair and thermophysical properties of dilute carbon dioxide gas",
	journal = "Chemical Physics Letters",
	shortjournal = "Chem. Phys. Lett.",
	year = "2014",
	volume = "613",
	pages = "133 -- 138",
	note = "",
	issn = "0009-2614",
	doi = "http://dx.doi.org/10.1016/j.cplett.2014.08.057",
	url = "http://www.sciencedirect.com/science/article/pii/S0009261414007325"
}

@article{Tat2015,
	author = "Tat Pham Van and Ulrich K. Deiters",
	title = "Calculation of intermolecular potentials for $\rm{H_2}$ -- $\rm{H_2}$ and $\rm{H_2}$ -- $\rm{O_2}$ dimers \emph{ab initio} and prediction of second virial coefficients",
	journal = "Chemical Physics",
	shortjournal = "Chem. Phys.",
	volume = "457",
	number = "",
	pages = "171 -- 179",
	year = "2015",
	note = "",
	issn = "0301-0104",
	doi = "http://dx.doi.org/10.1016/j.chemphys.2015.05.025",
	url = "http://www.sciencedirect.com/science/article/pii/S030101041500169X"
}

@article {Schultz2015,
	author = "Schultz, Andrew J. and Kofke, David A. and Harvey, Allan H.",
	title = "Molecular-based virial coefficients of CO2-H2O mixtures",
	journal = "AIChE Journal",
	shortjournal = "AIChE Journal",
	volume = "61",
	number = "9",
	issn = "1547-5905",
	url = "http://dx.doi.org/10.1002/aic.14880",
	doi = "10.1002/aic.14880",
	pages = "3029 -- 3037",
	year = "2015"
}

@article {Schultz2015Etomica,
	author = "Schultz, Andrew J. and Kofke, David A.",
	title = "Etomica: An object-oriented framework for molecular simulation",
	journal = "Journal of Computational Chemistry",
	volume = "36",
	number = "8",
	issn = "1096-987X",
	url = "http://dx.doi.org/10.1002/jcc.23823",
	doi = "10.1002/jcc.23823",
	pages = "573 -- 583",
	year = "2015"
}

@article{Albernaz2016mix,
	author = "Alessandra Ferreira Albernaz  and Vincenzo Aquilanti  and Patricia Regina P. Barreto  and Concetta Caglioti  and Ana Claudia P. S.  Cruz  and Gaia Grossi  and Andrea Lombardi  and Federico Palazzetti ",
	title = "Interactions of Hydrogen Molecules with Halogen Containing Diatomics from ab Initio Calculations. Spherical-Harmonics Representation and Characterization of the Intermolecular Potentials",
	journal = "The Journal of Physical Chemistry A",
	shortjournal = "J. Phys. Chem. A",
	volume = "0",
	number = "ja",
	pages = "null",
	year = "0",
	doi = "10.1021/acs.jpca.6b01718",
	note = "PMID: 27043842",
	url = "http://dx.doi.org/10.1021/acs.jpca.6b01718",
	eprint = "http://dx.doi.org/10.1021/acs.jpca.6b01718"
}

%books
@book{Tester,
	author = "Jefferson W. Tester and Micheal Modell",
	title = "Thermodynamics and Its Applications",
	edition = "3",
	publisher = "Prentice Hall, Inc., New Jersey",
	year = "1997"
}

@book{Feynman,
	author = "Richard P. Feynman and Albert R. Hibbs",
	title = "Quantum Mechanics and Path Integrals",
	edition = "1",
	publisher = "McGraw-Hill Companies, Inc., New York",
	note = "Emended by Daniel F. Styer",
	year = "1965"
}

@book{Leach,
	author = "Andrew R. Leach",
	title = "Molecular Modelling: Principles and Applications",
	edition = "2",
	publisher = "Pearson Publishing \& Prentice Hall, Inc.",
	year = "2001"
}

@book{Cramer,
	author = "Cramer, Christopher J.",
	title = "Essentials of Computational Chemistry, 2nd Edition.",
	year = "2004",
	publisher = "John Wiley \& Sons",
	edition = "2",
	pages = "624 pp.",
	note = "Copyright (C) 2016 American Chemical Society (ACS). All Rights Reserved."
}

@book{Hansen,
	author = "J. P. Hansen and I. R. McDonald",
	title = "Theory of Simple Liquids",
	publisher = "Academic Press",
	edition = "3",
	year = "2006"
}

@book{Dymond,
	author = "Dymond, J. H. and Smith, E. B.",
	title = "The Second Virial Coefficients of Pure Gases and Mixtures: A Critical Compilation.",
	year = "1979",
	publisher = "Oxford University Press",
	pages = "500 pp.",
	keywords = "book virial coeff gas mixt",
	note = "Copyright (C) 2016 American Chemical Society (ACS). All Rights Reserved.",
}
